<record><leader>00000cas a2200000 a 4500</leader><controlfield tag="001">37874317</controlfield><controlfield tag="008">971031d19921992caudr ne      0    0eng c</controlfield><datafield ind1=" " ind2=" " tag="010"><subfield code="a">sn 97060482 </subfield></datafield><datafield ind1=" " ind2=" " tag="040"><subfield code="a">CNK</subfield><subfield code="b">eng</subfield><subfield code="c">CNK</subfield><subfield code="d">CNK</subfield><subfield code="d">OCLCQ</subfield><subfield code="d">OCLCF</subfield><subfield code="d">OCLCO</subfield></datafield><datafield ind1="1" ind2=" " tag="029"><subfield code="a">AU@</subfield><subfield code="b">000013613093</subfield></datafield><datafield ind1=" " ind2=" " tag="042"><subfield code="a">pcc</subfield></datafield><datafield ind1=" " ind2=" " tag="043"><subfield code="a">n-us-ca</subfield></datafield><datafield ind1="0" ind2="0" tag="245"><subfield code="a">Foothill star-tribune.</subfield></datafield><datafield ind1="3" ind2=" " tag="246"><subfield code="a">Star-tribune</subfield></datafield><datafield ind1=" " ind2=" " tag="260"><subfield code="a">Duarte, Calif. :</subfield><subfield code="b">Pasadena Newspapers, Inc.</subfield></datafield><datafield ind1=" " ind2=" " tag="300"><subfield code="a">v.</subfield></datafield><datafield ind1=" " ind2=" " tag="310"><subfield code="a">Daily</subfield></datafield><datafield ind1="0" ind2=" " tag="362"><subfield code="a">107th year, no. 210 (July 28, 1992)-[107th year, no. 286] (Oct. 12, 1992).</subfield></datafield><datafield ind1=" " ind2=" " tag="500"><subfield code="a">"Foothill" appears in small type above "Star-Tribune."</subfield></datafield><datafield ind1=" " ind2=" " tag="530"><subfield code="a">Master negatives are available for duplication from:</subfield><subfield code="b">California Newspaper Microfilm Archive;</subfield><subfield code="c">positive copies may be purchased by the reel; for further information consult the CNMA at:</subfield><subfield code="u">http://cbsr.ucr.edu</subfield></datafield><datafield ind1=" " ind2=" " tag="580"><subfield code="a">Formed by the union of: Arcadia tribune; and Duartean and the Duarte dispatch; and Monrovia news-post; and Temple City times.</subfield></datafield><datafield ind1=" " ind2="0" tag="651"><subfield code="a">Los Angeles County (Calif.)</subfield><subfield code="v">Newspapers.</subfield></datafield><datafield ind1=" " ind2="7" tag="655"><subfield code="a">Newspapers.</subfield><subfield code="2">fast</subfield><subfield code="0">(OCoLC)fst01423814</subfield></datafield><datafield ind1=" " ind2="7" tag="651"><subfield code="a">California</subfield><subfield code="z">Los Angeles County.</subfield><subfield code="2">fast</subfield><subfield code="0">(OCoLC)fst01205194</subfield></datafield><datafield ind1=" " ind2=" " tag="752"><subfield code="a">United States</subfield><subfield code="b">California</subfield><subfield code="c">Los Angeles</subfield><subfield code="d">Duarte.</subfield></datafield><datafield ind1="1" ind2="4" tag="780"><subfield code="t">Arcadia tribune</subfield><subfield code="w">(DLC)sn 96064321</subfield></datafield><datafield ind1="1" ind2="4" tag="780"><subfield code="t">Duartean and the Duarte dispatch</subfield><subfield code="w">(DLC)sn 94051728</subfield></datafield><datafield ind1="1" ind2="4" tag="780"><subfield code="t">Monrovia news-post</subfield><subfield code="w">(DLC)sn 96064507</subfield></datafield><datafield ind1="1" ind2="4" tag="780"><subfield code="t">Temple City times</subfield><subfield code="w">(DLC)sn 79002806</subfield></datafield><datafield ind1="0" ind2="0" tag="785"><subfield code="t">Star-tribune (Duarte, Calif.)</subfield><subfield code="w">(DLC)sn 97060483</subfield></datafield></record>